<?xml version="1.0" encoding="UTF-8"?>
<record xmlns="http://www.loc.gov/MARC21/slim" xmlns:xsi="http://www.w3.org/2001/XMLSchema-instance" xsi:schemaLocation="http://www.loc.gov/MARC21/slim http://www.loc.gov/standards/marcxml/schema/MARC21slim.xsd">
<leader>00000cam a22      a 4500</leader>
<controlfield tag="001">002313967</controlfield>
<controlfield tag="003">NNU</controlfield>
<controlfield tag="005">20160303160521.0</controlfield>
<controlfield tag="008">930311m19401943le c          000 0 ara d</controlfield>
<datafield tag="035" ind1=" " ind2=" ">
<subfield code="a">(OCoLC)27754496</subfield>
</datafield>
<datafield tag="040" ind1=" " ind2=" ">
<subfield code="a">PUL</subfield>
<subfield code="b">eng</subfield>
<subfield code="c">PUL</subfield>
<subfield code="d">OCLCQ</subfield>
<subfield code="d">ORZ</subfield>
<subfield code="d">DGU</subfield>
<subfield code="d">OCLCG</subfield>
<subfield code="d">ORZ</subfield>
<subfield code="d">IUL</subfield>
<subfield code="d">OCLCQ</subfield>
<subfield code="d">OCLCF</subfield>
<subfield code="d">OCLCA</subfield>
<subfield code="d">OCLCQ</subfield>
<subfield code="d">OCL</subfield>
<subfield code="d">NNU</subfield>
</datafield>
<datafield tag="043" ind1=" " ind2=" ">
<subfield code="a">a-sy---</subfield>
<subfield code="a">f-ua---</subfield>
</datafield>
<datafield tag="050" ind1=" " ind2="4">
<subfield code="a">DS97.5</subfield>
<subfield code="b">.R971 1940</subfield>
</datafield>
<datafield tag="100" ind1="1" ind2=" ">
<subfield code="6">880-01</subfield>
<subfield code="a">Rustum, Asad,</subfield>
<subfield code="d">1897-1965.</subfield>
</datafield>
<datafield tag="245" ind1="1" ind2="3">
<subfield code="6">880-02</subfield>
<subfield code="a">al-Maḥfūzāt al-Malakīyah al-Miṣrīyah :</subfield>
<subfield code="b">bayān bi-wathāʼiq al-Shām ... /</subfield>
<subfield code="c">lil-Duktūr Asad Rustum.</subfield>
</datafield>
<datafield tag="246" ind1="1" ind2="5">
<subfield code="a">Calendar of state papers from the royal archives of Egypt relating to the affairs of Syria</subfield>
</datafield>
<datafield tag="260" ind1=" " ind2=" ">
<subfield code="a">[Beirut] :</subfield>
<subfield code="b">[American Press],</subfield>
<subfield code="c">[1940-1943]</subfield>
</datafield>
<datafield tag="300" ind1=" " ind2=" ">
<subfield code="a">4 volumes :</subfield>
<subfield code="b">portrait ;</subfield>
<subfield code="c">25 cm</subfield>
</datafield>
<datafield tag="336" ind1=" " ind2=" ">
<subfield code="a">text</subfield>
<subfield code="b">txt</subfield>
<subfield code="2">rdacontent</subfield>
</datafield>
<datafield tag="337" ind1=" " ind2=" ">
<subfield code="a">unmediated</subfield>
<subfield code="b">n</subfield>
<subfield code="2">rdamedia</subfield>
</datafield>
<datafield tag="338" ind1=" " ind2=" ">
<subfield code="a">volume</subfield>
<subfield code="b">nc</subfield>
<subfield code="2">rdacarrier</subfield>
</datafield>
<datafield tag="505" ind1="0" ind2=" ">
<subfield code="a">m1. 1225-1247 A.H., 1810-1832 A.D -- m.2. 1248-1250 A.H., 1832-1835 A.D -- m.3. 1251-1254 A.H., 1835-1839 A.D -- m.4. 1255-1256 A.H., 1839-1841 A.D.</subfield>
</datafield>
<datafield tag="651" ind1=" " ind2="0">
<subfield code="a">Syria</subfield>
<subfield code="x">History</subfield>
<subfield code="v">Sources.</subfield>
</datafield>
<datafield tag="651" ind1=" " ind2="0">
<subfield code="a">Syria</subfield>
<subfield code="x">Foreign relations</subfield>
<subfield code="z">Egypt.</subfield>
</datafield>
<datafield tag="651" ind1=" " ind2="0">
<subfield code="a">Egypt</subfield>
<subfield code="x">Foreign relations</subfield>
<subfield code="z">Syria.</subfield>
</datafield>
<datafield tag="650" ind1=" " ind2="0">
<subfield code="a">Archives</subfield>
<subfield code="z">Egypt.</subfield>
</datafield>
<datafield tag="650" ind1=" " ind2="7">
<subfield code="a">Archives.</subfield>
<subfield code="2">fast</subfield>
<subfield code="0">(OCoLC)fst00814030</subfield>
</datafield>
<datafield tag="650" ind1=" " ind2="7">
<subfield code="a">Diplomatic relations.</subfield>
<subfield code="2">fast</subfield>
<subfield code="0">(OCoLC)fst01907412</subfield>
</datafield>
<datafield tag="651" ind1=" " ind2="7">
<subfield code="a">Egypt.</subfield>
<subfield code="2">fast</subfield>
<subfield code="0">(OCoLC)fst01208755</subfield>
</datafield>
<datafield tag="651" ind1=" " ind2="7">
<subfield code="a">Syria.</subfield>
<subfield code="2">fast</subfield>
<subfield code="0">(OCoLC)fst01208757</subfield>
</datafield>
<datafield tag="655" ind1=" " ind2="7">
<subfield code="a">History.</subfield>
<subfield code="2">fast</subfield>
<subfield code="0">(OCoLC)fst01411628</subfield>
</datafield>
<datafield tag="655" ind1=" " ind2="7">
<subfield code="a">Sources.</subfield>
<subfield code="2">fast</subfield>
<subfield code="0">(OCoLC)fst01423900</subfield>
</datafield>
<datafield tag="776" ind1="0" ind2="8">
<subfield code="i">Online version:</subfield>
<subfield code="a">Rustum, Asad, 1897-1965.</subfield>
<subfield code="t">Maḥfūzāt al-Malakīyah al-Miṣrīyah.</subfield>
<subfield code="d">[Beirut, American Press, 1940-1943]</subfield>
<subfield code="w">(OCoLC)606168106</subfield>
</datafield>
<datafield tag="776" ind1="0" ind2="8">
<subfield code="i">Online version:</subfield>
<subfield code="a">Rustum, Asad, 1897-1965.</subfield>
<subfield code="t">Maḥfūzāt al-Malakīyah al-Miṣrīyah.</subfield>
<subfield code="d">[Beirut, American Press, 1940-1943]</subfield>
<subfield code="w">(OCoLC)607373143</subfield>
</datafield>
<datafield tag="880" ind1="1" ind2=" ">
<subfield code="6">100-01/</subfield>
<subfield code="a">رستم، اسد،</subfield>
<subfield code="d">1897-1965.</subfield>
</datafield>
<datafield tag="880" ind1="1" ind2="2">
<subfield code="6">245-02/</subfield>
<subfield code="a">المحفوزات الملكية المصرية :</subfield>
<subfield code="b">بيان بوثائق الشام ... /</subfield>
<subfield code="c">للدكتور اسد رستم.</subfield>
</datafield>
<datafield tag="OWN" ind1=" " ind2=" ">
<subfield code="a">GENERAL</subfield>
</datafield>
<datafield tag="AVA" ind1=" " ind2=" ">
<subfield code="a">NYU50</subfield>
<subfield code="b">BOBST</subfield>
<subfield code="c">Main Collection</subfield>
<subfield code="d">DS97.5 .R5</subfield>
<subfield code="e">unavailable</subfield>
<subfield code="t">Unavailable</subfield>
<subfield code="f">2</subfield>
<subfield code="g">2</subfield>
<subfield code="h">Y</subfield>
<subfield code="i">1</subfield>
<subfield code="j">MAIN</subfield>
<subfield code="k">0</subfield>
</datafield>
</record>
